<?xml version="1.0" encoding="UTF-8"?><collection xmlns="http://www.loc.gov/MARC21/slim"><record><leader>00307nam--2200121-i-4500</leader><controlfield tag="001">000029571</controlfield><controlfield tag="002">20161230</controlfield><controlfield tag="005">20161230201037</controlfield><controlfield tag="008">060222s1000------------r-----000-0-eng-d</controlfield><datafield ind1=" " ind2=" " tag="100"><subfield code="a">Ladd, M.F.C</subfield></datafield><datafield ind1=" " ind2=" " tag="245"><subfield code="a">Qualitative inorganic analysis</subfield></datafield><datafield ind1=" " ind2=" " tag="260"><subfield code="a">London, Cleaver-hume Press, Ltd., 1962. 108p</subfield></datafield><datafield ind1=" " ind2=" " tag="852"><subfield code="a">17879</subfield></datafield></record></collection>